<record><leader>00000cas a2200000 a 4500</leader><controlfield tag="001">11239496</controlfield><controlfield tag="008">841008c19019999ksuwr ne      0   a0eng d</controlfield><datafield ind1=" " ind2=" " tag="010"><subfield code="a">sn 84029811 </subfield></datafield><datafield ind1=" " ind2=" " tag="040"><subfield code="a">KSH</subfield><subfield code="b">eng</subfield><subfield code="c">KSH</subfield><subfield code="d">NPT</subfield><subfield code="d">OCL</subfield><subfield code="d">OCLCQ</subfield></datafield><datafield ind1=" " ind2=" " tag="042"><subfield code="a">msc</subfield></datafield><datafield ind1="0" ind2="4" tag="245"><subfield code="a">The Bucklin banner.</subfield></datafield><datafield ind1=" " ind2=" " tag="260"><subfield code="a">Bucklin, Kan. :</subfield><subfield code="b">J.B. Milford,</subfield><subfield code="c">1901-</subfield></datafield><datafield ind1=" " ind2=" " tag="300"><subfield code="a">v. :</subfield><subfield code="b">ill. ;</subfield><subfield code="c">43 cm.</subfield></datafield><datafield ind1=" " ind2=" " tag="310"><subfield code="a">Weekly</subfield></datafield><datafield ind1="0" ind2=" " tag="362"><subfield code="a">Vol. 7, no. 13 (May 31, 1901)-</subfield></datafield><datafield ind1=" " ind2=" " tag="500"><subfield code="a">Publisher varies.</subfield></datafield><datafield ind1=" " ind2=" " tag="525"><subfield code="a">Has occasional supplements.</subfield></datafield><datafield ind1=" " ind2=" " tag="752"><subfield code="a">United States</subfield><subfield code="b">Kansas</subfield><subfield code="c">Ford</subfield><subfield code="d">Bucklin.</subfield></datafield><datafield ind1="0" ind2="0" tag="780"><subfield code="t">Dodge City reporter</subfield><subfield code="w">(DLC)sn 84029807</subfield></datafield><datafield ind1="0" ind2="5" tag="780"><subfield code="t">Kingsdown clarion</subfield><subfield code="g">Dec. 21, 1916</subfield><subfield code="w">(DLC)sn 84029817</subfield></datafield></record>